@misc{neo4j, title={Relational Databases vs. Graph Databases: A Comparison}, url={https://neo4j.com/developer/graph-db-vs-rdbms/}, journal={Neo4j Graph Database Platform}}

@misc{dzone, title={Performance of Graph vs. Relational Databases - DZone Database}, url={https://dzone.com/articles/performance-graph-vs}, journal={dzone.com}, author={Adell, Josh}, year={2013}, month={Feb}}

@article{graph-survey, title={Survey of Graph Database Performance on the HPC Scalable Graph Analysis Benchmark}, DOI={10.1007/978-3-642-16720-1_4}, journal={Web-Age Information Management Lecture Notes in Computer Science}, author={Dominguez-Sal, D. and Urbón-Bayes, P. and Giménez-Vañó, A. and Gómez-Villamor, S. and Martínez-Bazán, N. and Larriba-Pey, J. L.}, year={2010}, pages={37–48}}

@article{graph-query, title={Querying a graph database – language selection and performance considerations}, volume={82}, DOI={10.1016/j.jcss.2015.06.006}, number={1}, journal={Journal of Computer and System Sciences}, author={Holzschuher, Florian and Peinl, René}, year={2016}, pages={45–68}}

@article{storage-perf, title={Neo4j graph database realizes efficient storage performance of oilfield ontology}, volume={13}, DOI={10.1371/journal.pone.0207595}, number={11}, journal={Plos One}, author={Gong, Faming and Ma, Yuhui and Gong, Wenjuan and Li, Xiaoran and Li, Chantao and Yuan, Xiangbing}, year={2018}, month={Nov}}

@book{neo4j-book, place={Birmingham}, title={Learning Neo4j 3.x: effective data modeling, performance tuning, and data visualization techniques in Neo4j}, publisher={Packt}, author={Baton Jerome and Bruggen, Rik Van}, year={2017}}